@article{gandolfi2017,
  author = {Gandolfi, Alberto and Lenarda, Pietro},
  title = {A note on Gibbs and Markov random fields with constraints and their moments},
  year = {2017},
  pages = {407–422},
  journal = {Mathematics and Mechanics of Complex Systems},
  volume= {4},
  number={3-4}
 }


@inproceedings{Cheng1999,
 author = {Cheng, Jie and Greiner, Russell},
 title = {Comparing {B}ayesian Network Classifiers},
 booktitle = {Proceedings of the Fifteenth Conference on Uncertainty in Artificial Intelligence},
 series = {UAI'99},
 year = {1999},
 pages = {101--108},
 numpages = {8},
 publisher = {Morgan Kaufmann Publishers Inc.}
} 

@inproceedings{Cheng2001,
 author = {Cheng, Jie and Greiner, Russell},
 title = {Learning {B}ayesian Belief Network Classifiers: Algorithms and System},
 booktitle = {Proceedings of the 14th Biennial Conference of the Canadian Society on Computational Studies of Intelligence: Advances in Artificial Intelligence},
 series = {AI '01},
 year = {2001},
 pages = {141--151},
 numpages = {11},
 publisher = {Springer-Verlag}
} 

@inproceedings{Sahami1996,
 author = {Sahami, Mehran},
 title = {Learning Limited Dependence {B}ayesian Classifiers},
 booktitle = {Proceedings of the Second International Conference on Knowledge Discovery and Data Mining},
 series = {KDD'96},
 year = {1996},
 pages = {335--338},
 numpages = {4},
 publisher = {AAAI Press}
} 

@Article{Zaidi2017,
author="Zaidi, Nayyar A.
and Webb, Geoffrey I.
and Carman, Mark J.
and Petitjean, Fran{\c{c}}ois
and Buntine, Wray
and Hynes, Mike
and De Sterck, Hans",
title="Efficient parameter learning of {B}ayesian network classifiers",
journal="Machine Learning",
year="2017",
volume="106",
number="9",
pages="1289--1329"
}


@article{fienbergIPF70,
author = "Fienberg, Stephen E.",
fjournal = "The Annals of Mathematical Statistics",
journal = "Ann. Math. Statist.",
number = "3",
pages = "907--917",
publisher = "The Institute of Mathematical Statistics",
title = "An Iterative Procedure for Estimation in Contingency Tables",
volume = "41",
year = "1970"
}


@inproceedings{hoerl1970ridge,
  title={Ridge regression},
  author={Hoerl, AE},
  booktitle={Biometrics},
  volume={26},
  number={3},
  pages={603},
  year={1970},
  organization={INTERNATIONAL BIOMETRIC SOC 1441 I ST, NW, SUITE 700, WASHINGTON, DC 20005-2210}
}


@article{hoerl1970,
 author = {Arthur E. Hoerl and Robert W. Kennard},
 journal = {Technometrics},
 number = {1},
 pages = {55--67},
 publisher = {[Taylor & Francis, Ltd., American Statistical Association, American Society for Quality]},
 title = {Ridge Regression: Biased Estimation for Nonorthogonal Problems},
 volume = {12},
 year = {1970}
}



@article{varghese2015,
title = "Data driven approach to monitoring and fault detection in process control plants",
author = "Linda Varghese and George, {V. I.} and Krishnamoorthi Makkithaya and Abhishek Kumar",
year = "2015",
language = "English",
volume = "8",
pages = "1121--1128",
journal = "International Journal of Control Theory and Applications",
publisher = "Serials Publications",
number = "3"
}

@article{JUNG2018,
title = "Comparison of Different Classification Algorithms for Fault Detection and Fault Isolation in Complex Systems",
journal = "Procedia Manufacturing",
volume = "19",
pages = "111 - 118",
year = "2018",
note = "Proceedings of the 6th International Conference in Through-life Engineering Services, University of Bremen, 7th and 8th November 2017",
author = "Marcel Jung and Octavian Niculita and Zakwan Skaf",
keywords = "Maintenance, Monitoring, Machine Learning"
}

@Article{Roos2005,
author="Roos, Teemu
and Wettig, Hannes
and Gr{\"u}nwald, Peter
and Myllym{\"a}ki, Petri
and Tirri, Henry",
title="On Discriminative {B}ayesian Network Classifiers and Logistic Regression",
journal="Machine Learning",
year="2005",
volume="59",
number="3",
pages="267--296"
}


@book{rosenblatt1957perceptron,
  title={The Perceptron, a perceiving and recognizing automaton},
  author={Rosenblatt, Frank},
  year={1957},
  publisher={Cornell Aeronautical Laboratory}
}


@InProceedings{flores2009,
author="Flores, M. Julia
and G{\'a}mez, Jos{\'e} A.
and Mart{\'i}nez, Ana M.
and Puerta, Jos{\'e} M.",
editor="Sossai, Claudio
and Chemello, Gaetano",
title="HODE: Hidden One-Dependence Estimator",
booktitle="Symbolic and Quantitative Approaches to Reasoning with Uncertainty",
year="2009",
publisher="Springer Berlin Heidelberg",
pages="481--492"
}


@inproceedings{Han2005,
  title={A hierarchical naive {B}ayes mixture model for name disambiguation in author citations},
  author={Hui Han and Wei Xu and Hongyuan Zha and C. Lee Giles},
  booktitle={SAC},
  year={2005}
}

@Article{Langseth2006,
author="Langseth, Helge
and Nielsen, Thomas D.",
title="Classification using Hierarchical Na{\"i}ve {B}ayes models",
journal="Machine Learning",
year="2006",
volume="63",
number="2",
pages="135--159"
}

@INPROCEEDINGS{njah2016,
author={H. Njah and S. Jamoussi and W. Mahdi},
booktitle={2016 International Joint Conference on Neural Networks (IJCNN)},
title={Semi-hierarchical naive {B}ayes classifier},
year={2016},
volume={},
number={},
pages={1772-1779}
}


@article{varando16,
  author    = {Gherardo Varando and
               Concha Bielza and
               Pedro Larra{\~{n}}aga},
  title     = {Decision functions for chain classifiers based on {B}ayesian networks
               for multi-label classification},
  journal   = {Int. J. Approx. Reasoning},
  volume    = {68},
  pages     = {164--178},
  year      = {2016}
}

@inproceedings{Ng2001,
 author = {Ng, Andrew Y. and Jordan, Michael I.},
 title = {On Discriminative vs. Generative Classifiers: A Comparison of Logistic Regression and Naive {B}ayes},
 booktitle = {Proceedings of the 14th International Conference on Neural Information Processing Systems: Natural and Synthetic},
 series = {NIPS'01},
 year = {2001},
 pages = {841--848},
 numpages = {8},
 publisher = {MIT Press}
} 


@inbook{lasserre2007,
  title     = "Generative or Discriminative? Getting the Best of Both Worlds",
  keywords  = "machinelearning",
  author    = "Julia Lasserre and Bishop, {Christopher M.} and Bernardo, {J. M.} and Bayarri, {M. J.} and Berger, {J. O.} and Dawid, {A. P.} and D. Heckerman and Smith, {A. F. M.} and M. West",
  year      = "2007",
  volume    = "8",
  pages     = "3--24",
  booktitle = "{B}ayesian Statistics 8",
  publisher = "Oxford University Press"
}



@ARTICLE{chow1968,
author={C. Chow and C. Liu},
journal={IEEE Transactions on Information Theory},
title={Approximating discrete probability distributions with dependence trees},
year={1968},
volume={14},
number={3},
pages={462-467},
keywords={Approximation methods;Probability functions;Trees}
}

@book{Duda2000,
 author = {Duda, Richard O. and Hart, Peter E. and Stork, David G.},
 title = {Pattern Classification (2nd Edition)},
 year = {2000},
 publisher = {Wiley-Interscience}
} 

@Article{Cortes1995,
 author="Cortes, Corinna
 and Vapnik, Vladimir",
 title="Support-vector networks",
 journal="Machine Learning",
 year="1995",
 volume="20",
 number="3",
 pages="273--297"
}



@book{ptpr,
    author = {Devroye, L. and Gy{\"{o}}rfi, L. and Lugosi, G.},
    citeulike-article-id = {3463149},
    keywords = {file-import-08-10-29},
    posted-at = {2008-10-29 16:43:34},
    priority = {5},
    publisher = {Springer},
    title = {{A Probabilistic Theory of Pattern Recognition}},
    year = {1996}
}


@inbook{odonnell2014, 
place={Cambridge}, 
title={Spectral Structure and Learning},
booktitle={Analysis of Boolean Functions}, 
publisher={Cambridge University Press}, 
author={O'Donnell, Ryan}, 
year={2014}, 
pages={54–78}
}

@article {WIDM:WIDM1157,
author = {Borchani, Hanen and Varando, Gherardo and Bielza, Concha and Larrañaga, Pedro},
title = {A survey on multi-output regression},
journal = {Wiley Interdisciplinary Reviews: Data Mining and Knowledge Discovery},
volume = {5},
number = {5},
publisher = {Wiley Periodicals, Inc},
issn = {1942-4795},
pages = {216--233},
year = {2015}
}



@article{MORALES2013,
title = "Predicting dementia development in {P}arkinson's disease using {B}ayesian network classifiers",
journal = "Psychiatry Research: Neuroimaging",
volume = "213",
number = "2",
pages = "92 - 98",
year = "2013",
author = "Dinora A. Morales and Yolanda Vives-Gilabert and Beatriz Gómez-Ansón and Endika Bengoetxea and Pedro Larrañaga and Concha Bielza and Javier Pagonabarraga and Jaime Kulisevsky and Idoia Corcuera-Solano and Manuel Delfino"
}

@inproceedings{sahami1998,
  title={A {B}ayesian approach to filtering junk e-mail},
  author={Sahami, Mehran and Dumais, Susan and Heckerman, David and Horvitz, Eric},
  booktitle={Learning for Text Categorization: Papers from the 1998 {W}orkshop},
  volume={62},
  pages={98--105},
  year={1998}
}



@ARTICLE{Diaconis95,
    author = {Persi Diaconis and Bernd Sturmfels},
    title = {Algebraic Algorithms for Sampling from Conditional Distributions},
    journal = {Annals of Statistics},
    year = {1995},
    volume = {26},
    pages = {363--397}
}


@inproceedings{Settimi1998,
 author = {Settimi, Raffaella and Smith, Jim Q.},
 title = {On the Geometry of {B}ayesian Graphical Models with Hidden Variables},
 booktitle = {Proceedings of the Fourteenth Conference on Uncertainty in Artificial Intelligence},
 series = {UAI'98},
 year = {1998},
 pages = {472--479},
 numpages = {8},
 publisher = {Morgan Kaufmann Publishers Inc.}
} 




@article{GARCIA2005,
title = "Algebraic geometry of {B}ayesian networks",
journal = "Journal of Symbolic Computation",
volume = "39",
number = "3",
pages = "331-355",
year = "2005",
note = "Special issue on the occasion of MEGA 2003",
author = "Luis David Garcia and Michael Stillman and Bernd Sturmfels"
}

@article{fienberg70,
 author = {Stephen E. Fienberg and John P. Gilbert},
 journal = {Journal of the American Statistical Association},
 number = {330},
 pages = {694-701},
 publisher = {[American Statistical Association, Taylor & Francis, Ltd.]},
 title = {The Geometry of a Two by Two Contingency Table},
 volume = {65},
 year = {1970}
}






@article{carlini2005,
author = {Carlini, Enrico and Rapallo, Fabio},
journal = {Rendiconti dell'Instituto di Matematica dell'Universit{\`a} di Trieste},
volume = {37},
year = {2005},
pages = {71-84},
title = {The geometry of statistical models for two-way contingency tables with fixed odds ratios}
}

@article{fienberg1968,
 author = {Stephen E. Fienberg},
 journal = {The Annals of Mathematical Statistics},
 number = {4},
 pages = {1186-1190},
 publisher = {Institute of Mathematical Statistics},
 title = {The Geometry of an {$r\times c$} Contingency Table},
 volume = {39},
 year = {1968}
}


@book{lauritzen2002,
author = {Lauritzen, Steffen},
title = {Lectures on Contingency Tables},
year = {2002}
}

@article{geiger,
author={ Geiger, Dan and Meek, Christopher and Sturmfels, Bernd},
title = {On the toric algebra of graphical models},
year={2006},
journal={The Annals of Statistics},
volume={34},
number={3},
pages={1463--1492}
}


@book{drton2009lectures,
  title={Lectures on Algebraic Statistics},
  author={Drton, M. and Sturmfels, B. and Sullivant, S.},
  series={Oberwolfach Seminars},
  year={2009},
  publisher={Birkh{\"a}user Basel}
}


@article{Domingos97,
year={1997},
journal={Machine Learning},
volume={29},
number={2-3},
title={On the Optimality of the Simple {B}ayesian Classifier under Zero-One Loss},
publisher={Kluwer Academic Publishers},
author={Domingos, Pedro and Pazzani, Michael},
pages={103--130}
}

@article{varando15,
  author  = {Gherardo Varando and Concha Bielza and Pedro Larranaga},
  title   = {Decision Boundary for Discrete {B}ayesian Network Classifiers},
  journal = {Journal of Machine Learning Research},
  year    = {2015},
  volume  = {16},
  pages   = {2725-2749}
}

@article{bielza2014,
author = {Bielza, Concha and Larra\~{n}aga, Pedro},
 title = {Discrete {B}ayesian Network Classifiers: A Survey},
 journal = {ACM Comput. Surv.},
 issue_date = {July 2014},
 volume = {47},
 number = {1},
 year = {2014},
 pages = {5:1--5:43},
 articleno = {5},
 publisher = {ACM}
} 

@book{Pearl1988,
 author = {Judea Pearl},
 title = {Probabilistic Reasoning in Intelligent Systems: {N}etworks of Plausible Inference},
 year = {1988},
 publisher = {Morgan Kaufmann Publishers Inc.}
} 

@book{lauritzen1996,
  title={Graphical Models},
  author={Lauritzen, Steffen L.},
  series={Oxford Statistical Science Series},
  year={1996},
  publisher={Clarendon Press}
}

@article{hammersley1971,
author={Hammersley, John and Clifford, Peter},
title = {Markov fields on finite graphs and lattices},
year = {1971},
note = {Unpublished manuscript}
}


@book{jeffreys,
  title={Methods of Mathematical Physics},
  author={Jeffreys, Harold and Jeffreys, Bertha},
  series={Cambridge Mathematical Library},
  year={1999},
  publisher={Cambridge University Press}
}

@book{abramowitz,
  title={Handbook of Mathematical Functions: With Formulas, Graphs, and Mathematical Tables},
  author={Abramowitz, Milton and Stegun, Irene A.},
  series={Applied Mathematics Series},
  year={1964},
  publisher={Dover Publications}
}


@article{Nakamura05,
 author = {Nakamura, Atsuyoshi and Schmitt,Michael and Schmitt, Niels and Simon, Hans Ulrich },
 title = {Inner Product Spaces for {B}ayesian Networks},
 journal = {Journal of Machine Learning Research},
 volume = {6},
 year = {2005},
 pages = {1383--1403},
 publisher = {JMLR.org}
}




@incollection{Hall2007,
year={2007},
booktitle={Research and Development in Intelligent Systems XXIII},
editor={Bramer, Max and Coenen, Frans and Tuson, Andrew},
title={A Decision  Tree-Based Attribute Weighting Filter for Naive {B}ayes},
publisher={Springer London},
author={Hall, Mark},
pages={59-70},
}

@inproceedings{Webb98,
    author = {Geoffrey I. Webb and Michael J. Pazzani},
    title = {Adjusted probability naive {B}ayesian induction},
    booktitle = {Proceedings of the {E}leventh {A}ustralian Joint Conference on Artificial Intelligence},
    year = {1998},
    pages = {285--295},
    publisher = {Springer-Verlag}
}

@article{keogh2002,
author = {Eamonn J. Keogh and Michael J. Pazzani},
title = {Learning the Structure of Augmented {B}ayesian Classifiers},
journal = {International Journal on Artificial Intelligence Tools},
volume = {11},
number = {04},
pages = {587-601},
year = {2002}
}


@article{Friedman1997,
 author = {Friedman, Nir and Geiger, Dan and Goldszmidt, Moises},
 title = {{B}ayesian Network Classifiers},
 journal = {Machine Learning},
 volume = {29},
 number = {2-3},
 year = {1997},
 pages = {131--163},
 numpages = {33},
 publisher = {Kluwer Academic Publishers}
}



@article{pistone2001,
 year={2001},
 journal={Statistics and Computing},
 volume={11},
 number={1},
 title={Gr{\"{o}}bner bases and factorisation in discrete probability and {B}ayes},
 publisher={Kluwer Academic Publishers},
 author={Giovanni Pistone  and Eva Riccomagno and Henry P. Wynn},
 pages={37--46}
}

 


 
 @article{zaidi13,
 author={Nayyar A. Zaidi and Jesus Cerquides and Mark J. Carman and Geoffrey I. Webb},
 title={Alleviating Naive {B}ayes Attribute Independence Assumption by Attribute Weighting},
 journal={Journal of Machine Learning Research},
 volume={14},
 pages={1947--1988},
 year={2013}
 }
 

@article{vapnik,
author = {Vladimir N. Vapnik and Alexy Chervonenkis},
title = {On the Uniform Convergence of Relative Frequencies of Events to Their Probabilities},
journal = {Theory of Probability and Its Applications},
volume = {16},
number = {2},
pages = {264--280},
year = {1971}
}





@article{Sauer,
 author = {Norbert Sauer},
 title = {On the density of families of sets},
 journal ={Journal of Combinatorial Theory, Series A },
 volume = {13},
 number = {1},
 pages = {145--147},
 year = {1972}
}


@article{Yang2012,
 author = {Youlong Yang and Yan Wu},
 title = {On the Properties of Concept Classes Induced by Multivalued {B}ayesian Networks},
 journal = {Information Sciences},
 volume = {184},
 number = {1},
 year = {2012},
 pages = {155--165},
 numpages = {11},
 publisher = {Elsevier Science Inc.}
} 



@book{Iverson1962,
 author = {Kenneth E. Iverson},
 title = {A {P}rogramming {L}anguage},
 year = {1962},
 source = {Library of Congress Catalog Card Number: 62-15180},
 publisher = {John Wiley \& Sons, Inc.}
} 


@book{minsky69perceptrons,
  author = {Marvin Minsky and Seymour Papert},
  publisher = {MIT Press},
  title = {Perceptrons: An Introduction to Computational Geometry},
  year = 1969
}

@article{O'Donnell2010,
    author = {Ryan O'Donnell and Rocco A. Servedio},
    year={2010},
    journal={Combinatorica},
    volume={30},
    number={3},
    title={New degree bounds for polynomial threshold functions},
    publisher={Springer-Verlag},
    pages={327--358}
}

@INPROCEEDINGS{Zhiy-Congfu, 
author={Zhiyong Yan and Congfu Xu}, 
booktitle={Cognitive Informatics, 2009. ICCI '09. 8th IEEE International Conference on}, 
title={Studies on classification models using decision boundaries}, 
year={2009}, 
pages={287--294}
}

@article{Wang199151,
title = {The threshold order of a {B}oolean function},
journal = {Discrete Applied Mathematics},
volume = {31},
number = {1},
pages = {51--69},
year = {1991},
author ={Chi Wang and A.C. Williams}
}

@inproceedings{peot,
 author = {Mark A. Peot},
 title = {Geometric Implications of the Naive {B}ayes Assumption},
 booktitle = {Proceedings of the Twelfth International Conference on Uncertainty in Artificial Intelligence},
 series = {UAI'96},
 year = {1996},
 pages = {414--419},
 numpages = {6},
 publisher = {Morgan Kaufmann Publishers Inc.}
} 

@inproceedings{Minsky61stepstoward,
    author = {Marvin Minsky},
    title = {Steps toward artificial intelligence},
    booktitle = {Computers and Thought},
    year = {1961},
    pages = {406--450},
    publisher = {McGraw-Hill}
}

@article{Ling03,
 author = {Ling, Charles X. and Zhang, Huajie},
 title = {The Representational Power of Discrete {B}ayesian Networks},
 journal = {Journal of Machine Learning Research},
 volume = {3},
 year = {2002},
 pages = {709--721},
 numpages = {13},
 publisher = {JMLR.org}
}

@inproceedings{Jaeger03,
  author = {Jaeger, Manfred},
  booktitle = {Proceedings of the  Twentieth {I}nternational Conference on Machine Learning (ICML-03)},
  editor = {Fawcett, Tom and Mishra, Nina},
  pages = {266--273},
  publisher = {AAAI Press},
  title = {Probabilistic Classifiers and the Concepts They Recognize.},
  year = 2003
}



@article{Flatto1970,
    title = {A New Proof of the Transposition Theorem},
    author = {Leopold Flatto},
    journal = {Proceedings of the American Mathematical Society},
    volume = {24},
    number = {1},
    pages = {29--31},
    year = {1970},
    publisher = {American Mathematical Society}
    }
    
    

@article{Read2015,
title = "Scalable multi-output label prediction: From classifier chains to classifier trellises ",
journal = "Pattern Recognition ",
volume = "48",
number = "6",
pages = "2096 - 2109",
year = "2015",
author = "Jesse Read and Luca Martino and Pablo M. Olmos and David Luengo"
}


 @article{chickering02,
 author={David M. Chickering},
 title={Learning Equivalence Classes of {B}ayesian-{N}etwork Structures},
 journal={Journal of Machine Learning Research},
 volume={2},
 pages={445--498},
 year={2002}
 }


@InProceedings{icml2010_037,
  author =    {Krzysztof Dembczynski and Weiwei Cheng and Eyke H{\"u}llermeier},
  title =     {{B}ayes Optimal Multilabel Classification via Probabilistic Classifier Chains},
  booktitle = {Proceedings of the 27th International Conference on Machine Learning (ICML-10)},
  pages =     {279--286},
  year =      2010,
  editor =    {Johannes F{\"u}rnkranz and Thorsten Joachims},
  publisher = {Omnipress}
}

@incollection{goncalves,
year={2003},
booktitle={Progress in Artificial Intelligence},
volume={2902},
series={Lecture Notes in Computer Science},
editor={Pires, FernandoMoura and Abreu, Salvador},
title={A Preliminary Approach to the Multilabel Classification Problem of {P}ortuguese Juridical Documents},
publisher={Springer Berlin Heidelberg},
author={Gon{\c{c}}alves, Teresa and Quaresma, Paulo},
pages={435-444},
language={English}
}

@incollection{Blockeel,
year={2006},
booktitle={Knowledge Discovery in Databases: PKDD 2006},
volume={4213},
series={Lecture Notes in Computer Science},
editor={Fürnkranz, Johannes and Scheffer, Tobias and Spiliopoulou, Myra},
title={Decision Trees for Hierarchical Multilabel Classification: A Case Study in Functional Genomics},
publisher={Springer Berlin Heidelberg},
author={Blockeel, Hendrik and Schietgat, Leander and Struyf, Jan and Džeroski, Sašo and Clare, Amanda},
pages={18-29},
language={English}
}

@article{Zhang2007,
title = "ML-KNN: A lazy learning approach to multi-label learning ",
journal = "Pattern Recognition ",
volume = "40",
number = "7",
pages = "2038 - 2048",
year = "2007",
author = "Min-Ling Zhang and Zhi-Hua Zhou"
}


@article{Tsoumakas07,
    author = {Grigorios Tsoumakas and Ioannis Katakis},
    title = {Multi-label classification: An overview},
    journal = {International Journal of Data Warehousing and Mining},
    year = {2007},
    volume = {2007},
    pages = {1--13}
}

@incollection{varandopgm,
year={2014},
booktitle={Probabilistic Graphical Models},
volume={8754},
series={Lecture Notes in Computer Science},
editor={van der Gaag, Linda C. and Feelders, Ad J.},
title={Expressive Power of Binary Relevance and Chain Classifiers Based on {B}ayesian Networks for Multi-label Classification},
publisher={Springer},
keywords={{B}ayesian network classifier; multi-label classification; expressive power; chain classifier; binary relevance},
author={Varando, Gherardo and Bielza, Concha and Larra{\~n}aga, Pedro},
pages={519-534},
language={English}
}


@article{Kelner,
 author = {Kelner, Roy and Lerner, Boaz},
 title = {Learning {B}ayesian Network Classifiers by Risk Minimization},
 journal = {International Journal of Approximate Reasoning},
 volume = {53},
 number = {2},
 year = {2012},
 pages = {248--272},
 publisher = {Elsevier Science Inc.}
 }




@conference{borchani2010,
author = "Borchani, Hanen and Bielza, Concha and Larra{\~n}aga, Pedro",
booktitle = "Proceedings of the 5th European Workshop on Probabilistic Graphical Models (PGM’10)",
pages = "25-32",
title = "Learning {CB}-decomposable multi-dimensional {B}ayesian network classifiers",
year = "2010",
editor="Petri, Myllymäki and Teemu, Roos and Tommi, Jaakkola",
publisher="HIIT Publications"
}


@inproceedings{waal2007,
  author    = { de Waal,Peter R. and  van der Gaag, Linda C.},
  title     = {Inference and Learning in Multi-dimensional {B}ayesian Network
               Classifiers},
  booktitle = {ECSQARU},
  year      = {2007},
  series    = {Lecture Notes in Computer Science},
  volume    = {4724},
  pages     = {501-511},
  editor    = {Mellouli, Khaled},
  publisher={Springer}
}

@inproceedings{gaag2006,
  author    = { van der Gaag, Linda C. and
               de Waal, Peter R.},
  title     = {Multi-dimensional {B}ayesian Network Classifiers},
  booktitle = {Third European Workshop on Probabilistic Graphical Models},
  editor    = {Milan Studen{\'y} and
               Jir\'{\i} Vomlel},
  year      = {2006},
  pages     = {107-114}
}

@article{read2013,
author = {Read, Jesse and Bielza, Concha and Larra{\~n}aga, Pedro},
title = {Multi-Dimensional Classification with Super-Classes},
journal ={IEEE Transactions on Knowledge and Data Engineering},
volume = {26},
number = {7},
issn = {1041-4347},
year = {2014},
pages = {1720-1733},
publisher = {IEEE Computer Society}
}

@article{bielza11d,
author = "Bielza, Concha and Li, Guangdi and Larra{\~n}aga, Pedro",
journal = "International Journal of Approximate Reasoning",
pages = "705-727",
title = "Multi-Dimensional Classification with {B}ayesian Networks",
volume = "52",
year = "2011"
}


@article{sucar2014,
 author = {Sucar, L. Enrique and Bielza, Concha and Morales, Eduardo F. and Hernandez-Leal, Pablo and Zaragoza, Julio H. and Larra\~{n}aga, Pedro},
 title = {Multi-label Classification with {B}ayesian Network-based Chain Classifiers},
 journal = {Pattern Recognition Letter},
 volume = {41},
 year = {2014},
 pages = {14--22},
 numpages = {9},
 publisher = {Elsevier Science Inc.}
} 



@incollection{reed2009,
year={2009},
booktitle={Machine Learning and Knowledge Discovery in Databases},
volume={5782},
series={Lecture Notes in Computer Science},
title={Classifier Chains for Multi-label Classification},
publisher={Springer Berlin Heidelberg},
author={Read, Jesse and Pfahringer, Bernhard and Holmes, Geoff and Frank, Eibe},
pages={254-269}
}

@incollection{godbole2004discriminative,
  title={Discriminative methods for multi-labeled classification},
  author={Godbole, Shantanu and Sarawagi, Sunita},
  booktitle={Advances in Knowledge Discovery and Data Mining},
  pages={22--30},
  year={2004},
  publisher={Springer}
}



@article{zhang2013review,
author={Min-Ling Zhang and Zhi-Hua Zhou},
journal={IEEE Transactions on Knowledge and Data Engineering},
title={A Review on Multi-Label Learning Algorithms},
year={2014},
volume={26},
number={8},
pages={1819-1837}
}

@inproceedings{Zaragoza2011,
  author    = {Zaragoza, Julio H. and
               Sucar, L. Enrique and
               Morales, Eduardo F. and
               Bielza, Concha and
               Larra{\~n}aga, Pedro},
  title     = {{B}ayesian Chain Classifiers for Multidimensional Classification},
  booktitle = {IJCAI},
  year      = {2011},
  pages     = {2192-2197}
}



@article{varando2014,
author = {Varando, Gherardo and Bielza, Concha and Larra{\~{n}}aga, Pedro},
title =  {Decision boundary for discrete {B}ayesian network classifiers},
year = {2015, in press},
note = {},
journal={Journal of Machine Learning Research}
}






































    
